%%REFRENCES FROM AMAL PAPER%%%%%%%%%

@article{brown2020language,
  title={Language models are few-shot learners},
  author={Brown, Tom and Mann, Benjamin and Ryder, Nick and others},
  journal={Advances in Neural Information Processing Systems (NeurIPS)},
  volume={33},
  pages={1877--1901},
  year={2020}
}


@article{zhou2022least,
  title={Least-to-Most Prompting Enables Complex Reasoning in Large Language Models},
  author={Zhou, Xuezhi and Sch{\"a}rli, Nathanael and Hou, Yujia and others},
  journal={arXiv preprint arXiv:2205.10625},
  year={2022}
}


@article{chowdhery2022palm,
  title={PaLM: Scaling language modeling with pathways},
  author={Chowdhery, Aakanksha and Narang, Sharan and Devlin, Jacob and others},
  journal={arXiv preprint arXiv:2204.02311},
  year={2022}
}


@inproceedings{houlsby2019parameter,
  title={Parameter-efficient transfer learning for NLP},
  author={Houlsby, Neil and Giurgiu, Andrei and Jastrzebski, Stanislaw and others},
  booktitle={Proceedings of the 36th International Conference on Machine Learning (ICML)},
  year={2019}
}


@article{hu2022lora,
  title={LoRA: Low-Rank Adaptation of Large Language Models},
  author={Hu, Edward and Shen, Yelong and Wallis, Phillip and others},
  journal={arXiv preprint arXiv:2106.09685},
  year={2022}
}


@article{izacard2022few,
  title={Few-shot learning with retrieval-augmented language models},
  author={Izacard, Gautier and Grave, Edouard},
  journal={Transactions of the Association for Computational Linguistics (TACL)},
  volume={10},
  pages={615--632},
  year={2022}
}








%%STATE OF THE ART%%%%%%%%%

%%%FOSSOLOGY%%%%
@inproceedings{Gobeille08,
  author       = {Robert Gobeille},
  editor       = {Ahmed E. Hassan and
                  Michele Lanza and
                  Michael W. Godfrey},
  title        = {The FOSSology project},
  booktitle    = {Proceedings of the 2008 International Working Conference on Mining
                  Software Repositories, {MSR} 2008 (Co-located with ICSE), Leipzig,
                  Germany, May 10-11, 2008, Proceedings},
  pages        = {47--50},
  publisher    = {{ACM}},
  year         = {2008},
  url          = {https://doi.org/10.1145/1370750.1370763},
  doi          = {10.1145/1370750.1370763},
  timestamp    = {Fri, 11 Jul 2025 17:36:18 +0200},
  biburl       = {https://dblp.org/rec/conf/msr/Gobeille08.bib},
  bibsource    = {dblp computer science bibliography, https://dblp.org}
}

%%%%SCANCODE

@misc{scancode2021,
  author       = {{nexB Inc.}},
  title        = {scancode-toolkit GitHub Repository},
  year         = {2021},
  howpublished = {\url{https://github.com/nexB/scancode-toolkit}},
  note         = {[Online; accessed 2025-09-02]}
}


%%%%NINKA

@inproceedings{GermanMI10,
  author       = {Daniel M. Germ{\'{a}}n and
                  Yuki Manabe and
                  Katsuro Inoue},
  editor       = {Charles Pecheur and
                  Jamie Andrews and
                  Elisabetta Di Nitto},
  title        = {A sentence-matching method for automatic license identification of
                  source code files},
  booktitle    = {{ASE} 2010, 25th {IEEE/ACM} International Conference on Automated
                  Software Engineering, Antwerp, Belgium, September 20-24, 2010},
  pages        = {437--446},
  publisher    = {{ACM}},
  year         = {2010},
  url          = {https://doi.org/10.1145/1858996.1859088},
  doi          = {10.1145/1858996.1859088},
  timestamp    = {Tue, 06 Nov 2018 16:58:23 +0100},
  biburl       = {https://dblp.org/rec/conf/kbse/GermanMI10.bib},
  bibsource    = {dblp computer science bibliography, https://dblp.org}
}

%%%FLICT

@misc{flict2025,
  author       = {{vinland-technology}},
  title        = {flict: FOSS License Compatibility Tool (GitHub repository)},
  year         = {2025},
  howpublished = {\url{https://github.com/vinland-technology/flict}},
  note         = {[Online; accessed 2025-09-02]}
}


%%%Lidetectr

@article{DXuGFLLJ23,
  author       = {Sihan Xu and
                  Ya Gao and
                  Lingling Fan and
                  Zheli Liu and
                  Yang Liu and
                  Hua Ji},
  title        = {LiDetector: License Incompatibility Detection for Open Source Software},
  journal      = {{ACM} Trans. Softw. Eng. Methodol.},
  volume       = {32},
  number       = {1},
  pages        = {22:1--22:28},
  year         = {2023},
  url          = {https://doi.org/10.1145/3518994},
  doi          = {10.1145/3518994},
  timestamp    = {Sun, 19 Jan 2025 14:22:55 +0100},
  biburl       = {https://dblp.org/rec/journals/tosem/XuGFLLJ23.bib},
  bibsource    = {dblp computer science bibliography, https://dblp.org}
}


%%SCANOS

@misc{scanoss_engine2025,
  author       = {{SCANOSS}},
  title        = {SCANOSS Open Source Inventory Engine (GitHub repository)},
  year         = {2025},
  howpublished = {\url{https://github.com/scanoss/engine}},
  note         = {[Online; accessed 2025-09-02]}
}


%%OSSLCAF
@inproceedings{KaholTA25,
  author       = {Aditya Kahol and
                  Anka Chandrahas Tummepalli and
                  Preethu Rose Anish},
  title        = {{OSS-LCAF:} Open-Source Software License Conflict Analysis Framework},
  booktitle    = {47th {IEEE/ACM} International Conference on Software Engineering,
                  {ICSE} 2025 - Companion Proceedings, Ottawa, ON, Canada, April 27
                  - May 3, 2025},
  pages        = {303--314},
  publisher    = {{IEEE}},
  year         = {2025},
  url          = {https://doi.org/10.1109/ICSE-Companion66252.2025.00084},
  doi          = {10.1109/ICSE-COMPANION66252.2025.00084},
  timestamp    = {Fri, 04 Jul 2025 22:07:55 +0200},
  biburl       = {https://dblp.org/rec/conf/icse/KaholTA25.bib},
  bibsource    = {dblp computer science bibliography, https://dblp.org}
}


%%ClauseBench
@inproceedings{KeHZW25,
  author       = {Qiang Ke and
                  Xinyi Hou and
                  Yanjie Zhao and
                  Haoyu Wang},
  title        = {ClauseBench: Enhancing Software License Analysis with Clause-Level
                  Benchmarking},
  booktitle    = {47th {IEEE/ACM} International Conference on Software Engineering,
                  {ICSE} 2025 - Companion Proceedings, Ottawa, ON, Canada, April 27
                  - May 3, 2025},
  pages        = {255--266},
  publisher    = {{IEEE}},
  year         = {2025},
  url          = {https://doi.org/10.1109/ICSE-Companion66252.2025.00080},
  doi          = {10.1109/ICSE-COMPANION66252.2025.00080},
  timestamp    = {Fri, 25 Jul 2025 07:09:26 +0200},
  biburl       = {https://dblp.org/rec/conf/icse/KeHZW25.bib},
  bibsource    = {dblp computer science bibliography, https://dblp.org}
}

%%LEGAL-BERT
@article{Chalkidis2020,
  author       = {Ilias Chalkidis and
                  Manos Fergadiotis and
                  Prodromos Malakasiotis and
                  Nikolaos Aletras and
                  Ion Androutsopoulos},
  title        = {{LEGAL-BERT:} The Muppets straight out of Law School},
  journal      = {CoRR},
  volume       = {abs/2010.02559},
  year         = {2020},
  url          = {https://arxiv.org/abs/2010.02559},
  eprinttype    = {arXiv},
  eprint       = {2010.02559},
  timestamp    = {Mon, 12 Oct 2020 17:53:10 +0200},
  biburl       = {https://dblp.org/rec/journals/corr/abs-2010-02559.bib},
  bibsource    = {dblp computer science bibliography, https://dblp.org}
}

%%RECOMMENDER SYSTEM%%%%%%%%%


@inproceedings{KapitsakiPA22,
  author       = {Georgia M. Kapitsaki and
                  Athina C. Paphitou and
                  Achilleas Achilleos},
  editor       = {Nikitas N. Karanikolas and
                  Christos Troussas and
                  Michael Vassilakopoulos and
                  Stefanos D. Kollias and
                  Christos Douligeris and
                  Ioannis Voyiatzis},
  title        = {Towards open source software licenses compatibility check},
  booktitle    = {Proceedings of the 26th Pan-Hellenic Conference on Informatics, {PCI}
                  2022, Athens, Greece, November 25-27, 2022},
  pages        = {96--101},
  publisher    = {{ACM}},
  year         = {2022},
  url          = {https://doi.org/10.1145/3575879.3575973},
  doi          = {10.1145/3575879.3575973},
  timestamp    = {Sun, 19 Jan 2025 13:30:03 +0100},
  biburl       = {https://dblp.org/rec/conf/pci/KapitsakiPA22.bib},
  bibsource    = {dblp computer science bibliography, https://dblp.org}
}

%%Licensing Formal Definition%%%%%%%%%



@article{TuunanenKK09,
  author       = {Timo Tuunanen and
                  Jussi Koskinen and
                  Tommi K{\"{a}}rkk{\"{a}}inen},
  title        = {Automated software license analysis},
  journal      = {Autom. Softw. Eng.},
  volume       = {16},
  number       = {3-4},
  pages        = {455--490},
  year         = {2009},
  url          = {https://doi.org/10.1007/s10515-009-0054-z},
  doi          = {10.1007/S10515-009-0054-Z},
  timestamp    = {Wed, 16 Mar 2022 23:52:43 +0100},
  biburl       = {https://dblp.org/rec/journals/ase/TuunanenKK09.bib},
  bibsource    = {dblp computer science bibliography, https://dblp.org}
}


@article{MorinUS12,
  author       = {Andrew Morin and
                  Jennifer Urban and
                  Piotr Sliz},
  title        = {A Quick Guide to Software Licensing for the Scientist-Programmer},
  journal      = {PLoS Comput. Biol.},
  volume       = {8},
  number       = {7},
  year         = {2012},
  url          = {https://doi.org/10.1371/journal.pcbi.1002598},
  doi          = {10.1371/JOURNAL.PCBI.1002598},
  timestamp    = {Thu, 10 Sep 2020 13:21:04 +0200},
  biburl       = {https://dblp.org/rec/journals/ploscb/MorinUS12.bib},
  bibsource    = {dblp computer science bibliography, https://dblp.org}
}



%%PAPERS RECOMMANDED BY BALKIS%%%%%%%%%

@inproceedings{CuiW0LYO25,
  author       = {Xing Cui and
                  Jingzheng Wu and
                  Xiang Ling and
                  Tianyue Luo and
                  Mutian Yang and
                  Wenxiang Ou},
  title        = {Exploring Large Language Models for Analyzing Open Source License
                  Conflicts: How Far Are We?},
  booktitle    = {47th {IEEE/ACM} International Conference on Software Engineering,
                  {ICSE} 2025 - Companion Proceedings, Ottawa, ON, Canada, April 27
                  - May 3, 2025},
  pages        = {291--302},
  publisher    = {{IEEE}},
  year         = {2025},
  url          = {https://doi.org/10.1109/ICSE-Companion66252.2025.00083},
  doi          = {10.1109/ICSE-COMPANION66252.2025.00083},
  timestamp    = {Tue, 24 Jun 2025 15:56:33 +0200},
  biburl       = {https://dblp.org/rec/conf/icse/CuiW0LYO25.bib},
  bibsource    = {dblp computer science bibliography, https://dblp.org}
}


@inproceedings{KeHZW25,
  author       = {Qiang Ke and
                  Xinyi Hou and
                  Yanjie Zhao and
                  Haoyu Wang},
  title        = {ClauseBench: Enhancing Software License Analysis with Clause-Level
                  Benchmarking},
  booktitle    = {47th {IEEE/ACM} International Conference on Software Engineering,
                  {ICSE} 2025 - Companion Proceedings, Ottawa, ON, Canada, April 27
                  - May 3, 2025},
  pages        = {255--266},
  publisher    = {{IEEE}},
  year         = {2025},
  url          = {https://doi.org/10.1109/ICSE-Companion66252.2025.00080},
  doi          = {10.1109/ICSE-COMPANION66252.2025.00080},
  timestamp    = {Fri, 25 Jul 2025 07:09:26 +0200},
  biburl       = {https://dblp.org/rec/conf/icse/KeHZW25.bib},
  bibsource    = {dblp computer science bibliography, https://dblp.org}
}


@article{Li2025Survey,
  author       = {Boyuan Li and
                  Chengwei Liu and
                  Lingling Fan and
                  Sen Chen and
                  Zhenlin Zhang and
                  Zheli Liu},
  title        = {Open Source, Hidden Costs: {A} Systematic Literature Review on {OSS}
                  License Management},
  journal      = {CoRR},
  volume       = {abs/2507.05270},
  year         = {2025},
  url          = {https://doi.org/10.48550/arXiv.2507.05270},
  doi          = {10.48550/ARXIV.2507.05270},
  eprinttype    = {arXiv},
  eprint       = {2507.05270},
  timestamp    = {Tue, 12 Aug 2025 21:29:28 +0200},
  biburl       = {https://dblp.org/rec/journals/corr/abs-2507-05270.bib},
  bibsource    = {dblp computer science bibliography, https://dblp.org}
}

@inproceedings{KaholTA25,
  author       = {Aditya Kahol and
                  Anka Chandrahas Tummepalli and
                  Preethu Rose Anish},
  title        = {{OSS-LCAF:} Open-Source Software License Conflict Analysis Framework},
  booktitle    = {47th {IEEE/ACM} International Conference on Software Engineering,
                  {ICSE} 2025 - Companion Proceedings, Ottawa, ON, Canada, April 27
                  - May 3, 2025},
  pages        = {303--314},
  publisher    = {{IEEE}},
  year         = {2025},
  url          = {https://doi.org/10.1109/ICSE-Companion66252.2025.00084},
  doi          = {10.1109/ICSE-COMPANION66252.2025.00084},
  timestamp    = {Fri, 04 Jul 2025 22:07:55 +0200},
  biburl       = {https://dblp.org/rec/conf/icse/KaholTA25.bib},
  bibsource    = {dblp computer science bibliography, https://dblp.org}
}


%%PAPERS RECOMMANDED BY BALKIS%%%%%%%%%



%% NEW VERIFIED REFERENCES FOR DEEP LEARNING APPROACHES %%%%%%%%%%%%

@article{xu2024licoeval,
  title={LiCoEval: Evaluating LLMs on License Compliance in Code Generation},
  author={Xu, Weiwei and Gao, Kai and He, Hao and Zhou, Minghui},
  journal={arXiv preprint arXiv:2408.02487},
  year={2024},
  url={https://arxiv.org/abs/2408.02487},
  note={Accessed: 2025-01-31}
}

@article{tan2024licensegpt,
  title={LicenseGPT: A Fine-tuned Foundation Model for Publicly Available Dataset License Compliance},
  author={Tan, Jingwen and Rajbahadur, Gopi Krishnan and Li, Zi and Song, Xiangfu and Lin, Jianshan and Li, Dan and Zheng, Zibin and Hassan, Ahmed E},
  journal={arXiv preprint arXiv:2501.00106},
  year={2024},
  url={https://arxiv.org/abs/2501.00106},
  note={Accessed: 2025-01-31}
}

@article{liu2025contracteval,
  title={ContractEval: Benchmarking LLMs for Clause-Level Legal Risk Identification in Commercial Contracts},
  author={Liu, Shuang and Li, Zelong and Ma, Ruoyun and Zhao, Haiyan and Du, Mengnan},
  journal={arXiv preprint arXiv:2508.03080},
  year={2025},
  url={https://arxiv.org/abs/2508.03080},
  note={Accessed: 2025-01-31}
}

%% Updated from ILYES PFE%%%%%%%%%%%%

%%LiDetectorPaper
@article{XuGFLLJ23,
  author       = {Sihan Xu and
                  Ya Gao and
                  Lingling Fan and
                  Zheli Liu and
                  Yang Liu and
                  Hua Ji},
  title        = {LiDetector: License Incompatibility Detection for Open Source Software},
  journal      = {{ACM} Trans. Softw. Eng. Methodol.},
  volume       = {32},
  number       = {1},
  pages        = {22:1--22:28},
  year         = {2023},
  url          = {https://doi.org/10.1145/3518994},
  doi          = {10.1145/3518994},
  timestamp    = {Sun, 19 Jan 2025 14:22:55 +0100},
  biburl       = {https://dblp.org/rec/journals/tosem/XuGFLLJ23.bib},
  bibsource    = {dblp computer science bibliography, https://dblp.org}
}


%%KG4Legal
%% NOT FOUND %%%

%%vendome2017license
@inproceedings{VendomeLBPGP15,
  author       = {Christopher Vendome and
                  Mario Linares V{\'{a}}squez and
                  Gabriele Bavota and
                  Massimiliano Di Penta and
                  Daniel M. Germ{\'{a}}n and
                  Denys Poshyvanyk},
  editor       = {Andrea De Lucia and
                  Christian Bird and
                  Rocco Oliveto},
  title        = {License usage and changes: a large-scale study of Java projects on
                  GitHub},
  booktitle    = {Proceedings of the 2015 {IEEE} 23rd International Conference on Program
                  Comprehension, {ICPC} 2015, Florence/Firenze, Italy, May 16-24, 2015},
  pages        = {218--228},
  publisher    = {{IEEE} Computer Society},
  year         = {2015},
  url          = {https://doi.org/10.1109/ICPC.2015.32},
  doi          = {10.1109/ICPC.2015.32},
  timestamp    = {Thu, 23 Mar 2023 23:57:51 +0100},
  biburl       = {https://dblp.org/rec/conf/iwpc/VendomeLBPGP15.bib},
  bibsource    = {dblp computer science bibliography, https://dblp.org}
}


%%german2009license
@inproceedings{GermanH09,
  author       = {Daniel M. Germ{\'{a}}n and
                  Ahmed E. Hassan},
  title        = {License integration patterns: Addressing license mismatches in component-based
                  development},
  booktitle    = {31st International Conference on Software Engineering, {ICSE} 2009,
                  May 16-24, 2009, Vancouver, Canada, Proceedings},
  pages        = {188--198},
  publisher    = {{IEEE}},
  year         = {2009},
  url          = {https://doi.org/10.1109/ICSE.2009.5070520},
  doi          = {10.1109/ICSE.2009.5070520},
  timestamp    = {Thu, 23 Mar 2023 23:58:07 +0100},
  biburl       = {https://dblp.org/rec/conf/icse/GermanH09.bib},
  bibsource    = {dblp computer science bibliography, https://dblp.org}
}


%%wu2017empirical
@article{WuMKGI17,
  author       = {Yuhao Wu and
                  Yuki Manabe and
                  Tetsuya Kanda and
                  Daniel M. Germ{\'{a}}n and
                  Katsuro Inoue},
  title        = {Analysis of license inconsistency in large collections of open source
                  projects},
  journal      = {Empir. Softw. Eng.},
  volume       = {22},
  number       = {3},
  pages        = {1194--1222},
  year         = {2017},
  url          = {https://doi.org/10.1007/s10664-016-9487-8},
  doi          = {10.1007/S10664-016-9487-8},
  timestamp    = {Mon, 28 Aug 2023 21:35:23 +0200},
  biburl       = {https://dblp.org/rec/journals/ese/WuMKGI17.bib},
  bibsource    = {dblp computer science bibliography, https://dblp.org}
}

%%lerner2002simple
%% NOT FOUND %%%


%%kapitsaki2017licenses
@article{KapitsakiTF15,
  author       = {Georgia M. Kapitsaki and
                  Nikolaos D. Tselikas and
                  Ioannis E. Foukarakis},
  title        = {An insight into license tools for open source software systems},
  journal      = {J. Syst. Softw.},
  volume       = {102},
  pages        = {72--87},
  year         = {2015},
  url          = {https://doi.org/10.1016/j.jss.2014.12.050},
  doi          = {10.1016/J.JSS.2014.12.050},
  timestamp    = {Mon, 28 Aug 2023 21:31:58 +0200},
  biburl       = {https://dblp.org/rec/journals/jss/KapitsakiTF15.bib},
  bibsource    = {dblp computer science bibliography, https://dblp.org}
}

%%german2010sentence
@inproceedings{GermanMI10,
  author       = {Daniel M. Germ{\'{a}}n and
                  Yuki Manabe and
                  Katsuro Inoue},
  editor       = {Charles Pecheur and
                  Jamie Andrews and
                  Elisabetta Di Nitto},
  title        = {A sentence-matching method for automatic license identification of
                  source code files},
  booktitle    = {{ASE} 2010, 25th {IEEE/ACM} International Conference on Automated
                  Software Engineering, Antwerp, Belgium, September 20-24, 2010},
  pages        = {437--446},
  publisher    = {{ACM}},
  year         = {2010},
  url          = {https://doi.org/10.1145/1858996.1859088},
  doi          = {10.1145/1858996.1859088},
  timestamp    = {Tue, 06 Nov 2018 16:58:23 +0100},
  biburl       = {https://dblp.org/rec/conf/kbse/GermanMI10.bib},
  bibsource    = {dblp computer science bibliography, https://dblp.org}
}


%%fossology
@inproceedings{Gobeille08,
  author       = {Robert Gobeille},
  editor       = {Ahmed E. Hassan and
                  Michele Lanza and
                  Michael W. Godfrey},
  title        = {The FOSSology project},
  booktitle    = {Proceedings of the 2008 International Working Conference on Mining
                  Software Repositories, {MSR} 2008 (Co-located with ICSE), Leipzig,
                  Germany, May 10-11, 2008, Proceedings},
  pages        = {47--50},
  publisher    = {{ACM}},
  year         = {2008},
  url          = {https://doi.org/10.1145/1370750.1370763},
  doi          = {10.1145/1370750.1370763},
  timestamp    = {Fri, 11 Jul 2025 17:36:18 +0200},
  biburl       = {https://dblp.org/rec/conf/msr/Gobeille08.bib},
  bibsource    = {dblp computer science bibliography, https://dblp.org}
}


%%scancode
@article{Ombredanne20,
  author       = {Philippe Ombredanne},
  title        = {Free and Open Source Software License Compliance: Tools for Software
                  Composition Analysis},
  journal      = {Computer},
  volume       = {53},
  number       = {10},
  pages        = {105--109},
  year         = {2020},
  url          = {https://doi.org/10.1109/MC.2020.3011082},
  doi          = {10.1109/MC.2020.3011082},
  timestamp    = {Mon, 28 Aug 2023 21:38:05 +0200},
  biburl       = {https://dblp.org/rec/journals/computer/Ombredanne20.bib},
  bibsource    = {dblp computer science bibliography, https://dblp.org}
}



%%fallatah2020ontology
@article{FITKAU2024102314,
title = {An ontology-based approach of automatic compliance checking for structural fire safety requirements},
journal = {Advanced Engineering Informatics},
volume = {59},
pages = {102314},
year = {2024},
issn = {1474-0346},
doi = {https://doi.org/10.1016/j.aei.2023.102314},
url = {https://www.sciencedirect.com/science/article/pii/S1474034623004421},
author = {Isabelle Fitkau and Timo Hartmann}
}



%%leone2020legal
@article{LeoneCV20,
  author       = {Valentina Leone and
                  Luigi Di Caro and
                  Serena Villata},
  title        = {Taking stock of legal ontologies: a feature-based comparative analysis},
  journal      = {Artif. Intell. Law},
  volume       = {28},
  number       = {2},
  pages        = {207--235},
  year         = {2020},
  url          = {https://doi.org/10.1007/s10506-019-09252-1},
  doi          = {10.1007/S10506-019-09252-1},
  timestamp    = {Tue, 16 Jun 2020 17:14:31 +0200},
  biburl       = {https://dblp.org/rec/journals/ail/LeoneCV20.bib},
  bibsource    = {dblp computer science bibliography, https://dblp.org}
}




%%brack2021knowledge
%% NOT FOUND %%%



%%lewis2020retrieval
@inproceedings{LewisPPPKGKLYR020,
  author       = {Patrick Lewis and
                  Ethan Perez and
                  Aleksandra Piktus and
                  Fabio Petroni and
                  Vladimir Karpukhin and
                  Naman Goyal and
                  Heinrich K{\"{u}}ttler and
                  Mike Lewis and
                  Wen{-}tau Yih and
                  Tim Rockt{\"{a}}schel and
                  Sebastian Riedel and
                  Douwe Kiela},
  editor       = {Hugo Larochelle and
                  Marc'Aurelio Ranzato and
                  Raia Hadsell and
                  Maria{-}Florina Balcan and
                  Hsuan{-}Tien Lin},
  title        = {Retrieval-Augmented Generation for Knowledge-Intensive {NLP} Tasks},
  booktitle    = {Advances in Neural Information Processing Systems 33: Annual Conference
                  on Neural Information Processing Systems 2020, NeurIPS 2020, December
                  6-12, 2020, virtual},
  year         = {2020},
  url          = {https://proceedings.neurips.cc/paper/2020/hash/6b493230205f780e1bc26945df7481e5-Abstract.html},
  timestamp    = {Mon, 14 Apr 2025 22:19:00 +0200},
  biburl       = {https://dblp.org/rec/conf/nips/LewisPPPKGKLYR020.bib},
  bibsource    = {dblp computer science bibliography, https://dblp.org}
}



%%gao2023retrieval
%% NOT FOUND %%%



%%chalkidis2020legal
@article{Chalkidis2020,
  author       = {Ilias Chalkidis and
                  Manos Fergadiotis and
                  Prodromos Malakasiotis and
                  Nikolaos Aletras and
                  Ion Androutsopoulos},
  title        = {{LEGAL-BERT:} The Muppets straight out of Law School},
  journal      = {CoRR},
  volume       = {abs/2010.02559},
  year         = {2020},
  url          = {https://arxiv.org/abs/2010.02559},
  eprinttype    = {arXiv},
  eprint       = {2010.02559},
  timestamp    = {Mon, 12 Oct 2020 17:53:10 +0200},
  biburl       = {https://dblp.org/rec/journals/corr/abs-2010-02559.bib},
  bibsource    = {dblp computer science bibliography, https://dblp.org}
}




%%zheng2021does
%% NOT FOUND %%%




%%henderson2022legal
@inproceedings{Henderson22,
  author       = {Peter Henderson and
                  Mark S. Krass and
                  Lucia Zheng and
                  Neel Guha and
                  Christopher D. Manning and
                  Dan Jurafsky and
                  Daniel E. Ho},
  editor       = {Sanmi Koyejo and
                  S. Mohamed and
                  A. Agarwal and
                  Danielle Belgrave and
                  K. Cho and
                  A. Oh},
  title        = {Pile of Law: Learning Responsible Data Filtering from the Law and
                  a 256GB Open-Source Legal Dataset},
  booktitle    = {Advances in Neural Information Processing Systems 35: Annual Conference
                  on Neural Information Processing Systems 2022, NeurIPS 2022, New Orleans,
                  LA, USA, November 28 - December 9, 2022},
  year         = {2022},
  url          = {http://papers.nips.cc/paper\_files/paper/2022/hash/bc218a0c656e49d4b086975a9c785f47-Abstract-Datasets\_and\_Benchmarks.html},
  timestamp    = {Mon, 08 Jan 2024 16:31:25 +0100},
  biburl       = {https://dblp.org/rec/conf/nips/0002KZGMJH22.bib},
  bibsource    = {dblp computer science bibliography, https://dblp.org}
}

%% NEW VERIFIED REFERENCES FOR DEEP LEARNING APPROACHES %%%%%%%%%%%%

@article{xu2024licoeval,
  title={LiCoEval: Evaluating LLMs on License Compliance in Code Generation},
  author={Xu, Weiwei and Gao, Kai and He, Hao and Zhou, Minghui},
  journal={arXiv preprint arXiv:2408.02487},
  year={2024},
  url={https://arxiv.org/abs/2408.02487},
  note={Accessed: 2025-01-31}
}

@article{tan2024licensegpt,
  title={LicenseGPT: A Fine-tuned Foundation Model for Publicly Available Dataset License Compliance},
  author={Tan, Jingwen and Rajbahadur, Gopi Krishnan and Li, Zi and Song, Xiangfu and Lin, Jianshan and Li, Dan and Zheng, Zibin and Hassan, Ahmed E},
  journal={arXiv preprint arXiv:2501.00106},
  year={2024},
  url={https://arxiv.org/abs/2501.00106},
  note={Accessed: 2025-01-31}
}

@article{liu2025contracteval,
  title={ContractEval: Benchmarking LLMs for Clause-Level Legal Risk Identification in Commercial Contracts},
  author={Liu, Shuang and Li, Zelong and Ma, Ruoyun and Zhao, Haiyan and Du, Mengnan},
  journal={arXiv preprint arXiv:2508.03080},
  year={2025},
  url={https://arxiv.org/abs/2508.03080},
  note={Accessed: 2025-01-31}
}

%% Updated from ILYES PFE%%%%%%%%%%%%


%% Conflicts Companies License Violations %%%%%%%%%%%%

@misc{google_oracle_2021,
  author       = {{Supreme Court of the United States}},
  title        = {Google LLC v. Oracle America, Inc.},
  year         = {2021},
  url          = {https://www.supremecourt.gov/opinions/20pdf/18-956_d18f.pdf},
  note         = {Accessed: 2025-09-01},
  howpublished = {U.S. Supreme Court Opinion},
  month        = apr,
  day          = 5,
  number       = {18-956},
  institution  = {Supreme Court of the United States},
  address      = {Washington, D.C.}
}


@misc{fossa2021tiktok,
  author       = {F. E. Team},
  title        = {Does TikTok Live Studio Violate GPL v2?},
  year         = {2021},
  url          = {https://fossa.com/blog/does-tiktok-live-studio-violate-the-gpl-v2/},
  note         = {Accessed: September 1, 2025}
}


@misc{cokinetic_panasonic_2017,
  title        = {Complaint Against Panasonic Avionics Corporation},
  year         = 2017,
  month        = mar,
  day          = 1,
  url          = {https://www.pacermonitor.com/public/case/20747763/CoKinetic_Systems%2C_Corp_v_Panasonic_Avionics_Corporation},
  note         = {Accessed: 2025-09-01}
}


@misc{butterick2022githubcopilot,
  author       = {Matthew Butterick},
  title        = {We’ve filed a lawsuit challenging GitHub Copilot, an AI product that relies on unprecedented open-source software piracy},
  year         = 2022,
  url          = {https://githubcopilotlitigation.com},
  note         = {Accessed: 2025-09-01}
}


@misc{butterick2022copilotlawsuit,
  author       = {Matthew Butterick and Joseph Saveri Law Firm},
  title        = {Class-Action Lawsuit Against GitHub Copilot for Copyright Infringement},
  year         = 2022,
  month        = nov,
  day          = 3,
  url          = {https://githubcopilotlitigation.com},
  note         = {Accessed: 2025-09-01}
}


@misc{stevenson2024wake,
  author       = {Christopher Stevenson and Victoria Lee},
  title        = {Wake-up call for open source users: French court awards damages for GPL violations in Entr’Ouvert v. Orange},
  year         = 2024,
  month        = mar,
  day          = 5,
  url          = {https://www.dlapiper.com/en/insights/publications/2024/03/wakeup-call-for-open-source-users-french-court-awards-damages-for-gpl-violations},
  note         = {Accessed: 2025-09-01}
}




%% ADOBE TERMS
@misc{adobe2024terms,
  author       = {Adobe Inc.},
  title        = {Adobe General Terms of Use},
  year         = {2024},
  url          = {https://www.adobe.com/legal/terms.html},
  note         = {Accessed: 2025-09-02},
  howpublished = {\url{https://www.adobe.com/legal/terms.html}}
}


@inproceedings{LampleBSKD16,
  author       = {Guillaume Lample and
                  Miguel Ballesteros and
                  Sandeep Subramanian and
                  Kazuya Kawakami and
                  Chris Dyer},
  editor       = {Kevin Knight and
                  Ani Nenkova and
                  Owen Rambow},
  title        = {Neural Architectures for Named Entity Recognition},
  booktitle    = {{NAACL} {HLT} 2016, The 2016 Conference of the North American Chapter
                  of the Association for Computational Linguistics: Human Language Technologies,
                  San Diego California, USA, June 12-17, 2016},
  pages        = {260--270},
  publisher    = {The Association for Computational Linguistics},
  year         = {2016},
  url          = {https://doi.org/10.18653/v1/n16-1030},
  doi          = {10.18653/V1/N16-1030},
  timestamp    = {Thu, 25 Apr 2024 15:20:32 +0200},
  biburl       = {https://dblp.org/rec/conf/naacl/LampleBSKD16.bib},
  bibsource    = {dblp computer science bibliography, https://dblp.org}
}




%%









%%









%%









%%









%%










%% NEW VERIFIED REFERENCES FOR DEEP LEARNING APPROACHES %%%%%%%%%%%%

@article{xu2024licoeval,
  title={LiCoEval: Evaluating LLMs on License Compliance in Code Generation},
  author={Xu, Weiwei and Gao, Kai and He, Hao and Zhou, Minghui},
  journal={arXiv preprint arXiv:2408.02487},
  year={2024},
  url={https://arxiv.org/abs/2408.02487},
  note={Accessed: 2025-01-31}
}

@article{tan2024licensegpt,
  title={LicenseGPT: A Fine-tuned Foundation Model for Publicly Available Dataset License Compliance},
  author={Tan, Jingwen and Rajbahadur, Gopi Krishnan and Li, Zi and Song, Xiangfu and Lin, Jianshan and Li, Dan and Zheng, Zibin and Hassan, Ahmed E},
  journal={arXiv preprint arXiv:2501.00106},
  year={2024},
  url={https://arxiv.org/abs/2501.00106},
  note={Accessed: 2025-01-31}
}

@article{liu2025contracteval,
  title={ContractEval: Benchmarking LLMs for Clause-Level Legal Risk Identification in Commercial Contracts},
  author={Liu, Shuang and Li, Zelong and Ma, Ruoyun and Zhao, Haiyan and Du, Mengnan},
  journal={arXiv preprint arXiv:2508.03080},
  year={2025},
  url={https://arxiv.org/abs/2508.03080},
  note={Accessed: 2025-01-31}
}

%% Updated from ILYES PFE%%%%%%%%%%%%



% Taken frm Amal Paper%%%%%%%%%%%
@article{Nickerson2013Taxonomy,
  title={A method for taxonomy development and its application in information systems},
  author={Nickerson, R., Varshney, U. & Muntermann, J. },
  journal={European Journal of Information Systems},
  volume={22},
  number={3},
  pages={336--359},
  year={2013},
  publisher={Taylor \& Francis}
}

@article{Gruber1995Ontology,
  title={Toward principles for the design of ontologies used for knowledge sharing},
  author={Gruber, Thomas R.},
  journal={International Journal of Human-Computer Studies},
  volume={43},
  number={5-6},
  pages={907--928},
  year={1995},
  publisher={Elsevier}
}


@article{Hogan2021KnowledgeGraphs,
  title={Knowledge graphs},
  author={Hogan, Aidan and Blomqvist, Eva and Cochez, Michael and d'Amato, Claudia and de Melo, Gerard and Gutierrez, Claudio and Kirrane, Sabrina and Gayo, Jose Emilio Labra and Navigli, Roberto and Neumaier, Sebastian and Polleres, Axel and Szymanski, Julian and Umbrich, Jürgen and Zimmermann, Antoine},
  journal={ACM Computing Surveys (CSUR)},
  volume={54},
  number={4},
  pages={1--37},
  year={2021},
  publisher={ACM},
  url= {https://arxiv.org/abs/2003.02320}



@inproceedings{Lee2012PathRank,
  author    = {Sangkeun Lee and Sungchan Park and Minsuk Kahng and Sang-goo Lee},
  title     = {PathRank: A novel node ranking measure on a heterogeneous graph for recommender systems},
  booktitle = {Proceedings of the 21st ACM International Conference on Information and Knowledge Management (CIKM 2012)},
  pages     = {1637--1641},
  year      = {2012},
  publisher = {ACM},
  doi       = {10.1145/2396761.2398488},
  url       = {https://doi.org/10.1145/2396761.2398488}
}

@article{pandy2022learning,
  title={Learning Graph Search Heuristics},
  author={Pándy, Michal and Qiu, Weikang and Corso, Gabriele and Veličković, Petar and Ying, Rex and Leskovec, Jure and Liò, Pietro},
  journal={arXiv preprint arXiv:2212.03978},
  year={2022},
  doi={10.48550/arXiv.2212.03978},
  url={https://doi.org/10.48550/arXiv.2212.03978},
  eprint={2212.03978},
  archivePrefix={arXiv},
  primaryClass={cs.LG},

}


@inproceedings{yao2020kgbert,
  title={KG-BERT: BERT for Knowledge Graph Completion},
  author={Yao, Lin and Mao, Cheng and Luo, Yuan-Fang},
  booktitle={Proceedings of the 2020 Conference on Empirical Methods in Natural Language Processing (EMNLP)},
  year={2020},
  pages={2856--2862}
}


@article{tan2025paths,
  title={Paths-over-Graph: Knowledge Graph Empowered Large Language Model Reasoning},
  author={Tan, Xingyu and Xu, Xiwei and Wang, Xiaoyang and Yuan, Xin and Liu, Qing and Zhang, Wenjie},
  journal={arXiv preprint arXiv:2410.14211},
  year={2025},
  month={mar},
  url={https://arxiv.org/pdf/2410.14211},
  archivePrefix={arXiv},
  primaryClass={cs.CL}
}


@inproceedings{xu2021fusing,
  title={Fusing Heterogeneous Knowledge Graphs for Context-Aware Recommendation},
  author={Xu, Bin and Zhao, Feng and Li, Zhe and Cheng, Xiangmin and Wang, Guanfeng},
  booktitle={Proceedings of the Web Conference 2021},
  pages={447--457},
  year={2021}
}


@article{KapitsakiC21,
  author       = {Georgia M. Kapitsaki and
                  Georgia Charalambous},
  title        = {Modeling and Recommending Open Source Licenses with findOSSLicense},
  journal      = {{IEEE} Trans. Software Eng.},
  volume       = {47},
  number       = {5},
  pages        = {919--935},
  year         = {2021},
  url          = {https://doi.org/10.1109/TSE.2019.2909021},
  doi          = {10.1109/TSE.2019.2909021},
  timestamp    = {Mon, 28 Aug 2023 21:19:20 +0200},
  biburl       = {https://dblp.org/rec/journals/tse/KapitsakiC21.bib},
  bibsource    = {dblp computer science bibliography, https://dblp.org}
}


@article{PanLWCWW24,
  author       = {Shirui Pan and
                  Linhao Luo and
                  Yufei Wang and
                  Chen Chen and
                  Jiapu Wang and
                  Xindong Wu},
  title        = {Unifying Large Language Models and Knowledge Graphs: {A} Roadmap},
  journal      = {{IEEE} Trans. Knowl. Data Eng.},
  volume       = {36},
  number       = {7},
  pages        = {3580--3599},
  year         = {2024},
  url          = {https://doi.org/10.1109/TKDE.2024.3352100},
  doi          = {10.1109/TKDE.2024.3352100},
  timestamp    = {Sun, 19 Jan 2025 13:53:50 +0100},
  biburl       = {https://dblp.org/rec/journals/tkde/PanLWCWW24.bib},
  bibsource    = {dblp computer science bibliography, https://dblp.org}
}


@book{Haddad2018OpenSource,
  title={Open Source Compliance in the Enterprise},
  author={Haddad, I.},
  isbn={9780998907819},
  url={https://books.google.tn/books?id=a7a5vgEACAAJ},
  year={2018},
  publisher={Linux Foundation}
}




@book{meeker2020open,
  title={Open (Source) for Business: A Practical Guide to Open Source Software Licensing - Third Edition},
  author={Meeker, H.J.},
  isbn={9798618201773},
  url={https://books.google.tn/books?id=JyCMzQEACAAJ},
  year={2020},
  publisher={Amazon Digital Services LLC - Kdp}
}


@book{2022open,
  title={Open Source Law, Policy and Practice},
  isbn={9780192606860},
  series={Oxford Academic},
  url={https://books.google.tn/books?id=BSOZzwEACAAJ},
  year={2022},
  publisher={Oxford University Press}
}

@inproceedings{devlin2018bert,
  title={BERT: Pre-training of Deep Bidirectional Transformers for Language Understanding},
  author={Devlin, Jacob and Chang, Ming-Wei and Lee, Kenton and Toutanova, Kristina},
  booktitle={Proceedings of the 2019 Conference of the North American Chapter of the Association for Computational Linguistics},
  pages={4171--4186},
  year={2019}
}

@inproceedings{liu2019roberta,
  title={RoBERTa: A Robustly Optimized BERT Pretraining Approach},
  author={Liu, Yinhan and Ott, Myle and Goyal, Naman and Du, Jingfei and Joshi, Mandar and Chen, Danqi and Levy, Omer and Lewis, Mike and Zettlemoyer, Luke and Stoyanov, Veselin},
  booktitle={arXiv preprint arXiv:1907.11692},
  year={2019}
}

@inproceedings{wang2019glue,
  title={GLUE: A Multi-Task Benchmark and Analysis Platform for Natural Language Understanding},
  author={Wang, Alex and Singh, Amanpreet and Michael, Julian and Hill, Felix and Levy, Omer and Bowman, Samuel R},
  booktitle={Proceedings of the 2018 EMNLP Workshop BlackboxNLP: Analyzing and Interpreting Neural Networks for NLP},
  pages={353--355},
  year={2018}
}

@inproceedings{zhang2020ner,
  title={Named Entity Recognition for Chinese Legal Text Based on BERT},
  author={Zhang, Yuxiang and Chen, Qingcai and Wang, Xiaolong and Lu, Buzhou},
  booktitle={Proceedings of the 2020 International Conference on Artificial Intelligence and Law},
  pages={123--132},
  year={2020}
}

@inproceedings{liu2021legalner,
  title={Legal Named Entity Recognition with BERT and BiLSTM-CRF},
  author={Liu, Xiaodong and Zhang, Yuxiang and Chen, Qingcai},
  booktitle={Proceedings of the 2021 Conference on Empirical Methods in Natural Language Processing},
  pages={2345--2354},
  year={2021}
}

@inproceedings{wang2022llmner,
  title={Large Language Models for Named Entity Recognition: A Survey},
  author={Wang, Xiaozhi and Zhang, Zhengyan and Li, Zhiyuan and Hou, Lei and Jin, Chao and Liu, Qun and Zhou, Jie},
  booktitle={Proceedings of the 2022 Conference on Empirical Methods in Natural Language Processing},
  pages={4567--4580},
  year={2022}
}

@inproceedings{chen2023gptner,
  title={GPT-NER: Named Entity Recognition via Large Language Models},
  author={Chen, Xiang and Zhang, Ningyu and Li, Xiaohan and Deng, Shumin and Tan, Chuanqi and Huang, Fei and Si, Luo and Chen, Huajun},
  booktitle={Proceedings of the 2023 Conference on Empirical Methods in Natural Language Processing},
  pages={7898--7915},
  year={2023}
}

@inproceedings{li2023legalner,
  title={Legal Named Entity Recognition with Large Language Models: A Comprehensive Study},
  author={Li, Jiahuan and Wang, Xiaozhi and Zhang, Zhengyan and Zhou, Jie},
  booktitle={Proceedings of the 2023 International Conference on Artificial Intelligence and Law},
  pages={89--98},
  year={2023}
}

@inproceedings{zhang2024transformerner,
  title={Transformer-based Named Entity Recognition: A Comprehensive Survey},
  author={Zhang, Yuxiang and Liu, Xiaodong and Chen, Qingcai and Wang, Xiaolong},
  booktitle={Proceedings of the 2024 Conference on Empirical Methods in Natural Language Processing},
  pages={5678--5690},
  year={2024}
}


@inproceedings{GuiaSB17,
  author       = {Jos{\'{e}} Guia and
                  Val{\'{e}}ria Gon{\c{c}}alves Soares and
                  Jorge Bernardino},
  editor       = {Slimane Hammoudi and
                  Michal Smialek and
                  Olivier Camp and
                  Joaquim Filipe},
  title        = {Graph Databases: Neo4j Analysis},
  booktitle    = {{ICEIS} 2017 - Proceedings of the 19th International Conference on
                  Enterprise Information Systems, Volume 1, Porto, Portugal, April 26-29,
                  2017},
  pages        = {351--356},
  publisher    = {SciTePress},
  year         = {2017},
  url          = {https://doi.org/10.5220/0006356003510356},
  doi          = {10.5220/0006356003510356},
  timestamp    = {Wed, 07 Dec 2022 23:11:50 +0100},
  biburl       = {https://dblp.org/rec/conf/iceis/GuiaSB17.bib},
  bibsource    = {dblp computer science bibliography, https://dblp.org}
}

@article{LwakatareRCBO20,
  author       = {Lucy Ellen Lwakatare and
                  Aiswarya Raj and
                  Ivica Crnkovic and
                  Jan Bosch and
                  Helena Holmstr{\"{o}}m Olsson},
  title        = {Large-scale machine learning systems in real-world industrial settings:
                  {A} review of challenges and solutions},
  journal      = {Inf. Softw. Technol.},
  volume       = {127},
  pages        = {106368},
  year         = {2020}
}
